 @PhdThesis{eric_thesis,
 author = {Whitman, Eric C.},
 title = {Coordination of Multiple Dynamic Programming Policies for Control of Bipedal Walking},
 school = {Carnegie Mellon University},
 year = {2013},
 OPTkey = {•},
 OPTtype = {•},
 OPTaddress = {•},
 OPTmonth = {September},
 OPTnote = {•},
 howpublished = {\url{http://www.contrib.andrew.cmu.edu/~ewhitman/thesis.pdf}},
 OPTannote = {•}
 }
 
 @TECHREPORT{Goeddeke:2005:GBM,
author       = {Dominik G{\"o}ddeke},
title        = {{GPGPU}--{B}asic Math Tutorial},
institution  = {Fachbereich Mathematik, Universit{\"a}t Dortmund}, 
year         = 2005,
month        = nov,
note         = {{E}rgebnisberichte des {I}nstituts f{\"u}r {A}ngewandte {M}athematik, {N}ummer 300},
}

@misc{ wiki:direct3d,
   author = "Wikipedia",
   title = "Direct3D --- {W}ikipedia{,} The Free Encyclopedia",
   year = "2014",
   url = "\url{http://en.wikipedia.org/wiki/Direct3D}",
   note = "[Online; accessed 01-April-2014]"
}

@misc{ quadprog,
   author = "digaspero",
   title = "QuadProg++",
   year = "2008",
   url = "\url{http://quadprog.sourceforge.net/}",
   note = "[Online; accessed 01-April-2014]"
}

@misc{ sdfast,
   author = "Sherman, Michael and Rosenthal, Dan",
   title = "SD/FAST",
   year = "2001",
   url = "\url{http://www.ptc.com/support/sdfast/index.html}",
   note = "[Online; accessed 01-April-2014]"
}